<?xml version="1.0" encoding="UTF-8"?><collection xmlns="http://www.loc.gov/MARC21/slim"><record><leader>00375nam--2200133-i-4500</leader><controlfield tag="001">000045273</controlfield><controlfield tag="002">20161230</controlfield><controlfield tag="005">20161230201045</controlfield><controlfield tag="008">060222s1000------------r-----000-0-eng-d</controlfield><datafield ind1=" " ind2=" " tag="080"><subfield code="a">547.25</subfield></datafield><datafield ind1=" " ind2=" " tag="100"><subfield code="a">Toporcer, Louis H</subfield></datafield><datafield ind1=" " ind2=" " tag="245"><subfield code="a">New concepts in organo-boron chemistry</subfield></datafield><datafield ind1=" " ind2=" " tag="260"><subfield code="a">Ann Arbor, Michigan, University Microfilms, Inc., 1965, V + 113p. Fotoprint</subfield></datafield><datafield ind1=" " ind2=" " tag="852"><subfield code="a">24435</subfield></datafield></record></collection>